@article{dyen92,
  title={An Indoeuropean classification: A lexicostatistical experiment},
  volume={82},
  DOI={10.2307/1006517},
  number={5},
  journal={Transactions of the American Philosophical Society},
  author={Dyen, Isidore and Kruskal, Joseph B. and Black, Paul},
  year={1992},
  pages={iii}
}

@article{berenhaut2022social,
  title={A social perspective on perceived distances reveals deep community structure},
  author={Berenhaut, Kenneth S and Moore, Katherine E and Melvin, Ryan L},
  journal={Proceedings of the National Academy of Sciences},
  volume={119},
  number={4},
  year={2022},
  publisher={National Acad Sciences}
}
@Manual{R,
  title = {R: A Language and Environment for Statistical Computing},
  author = {{R Core Team}},
  organization = {R Foundation for Statistical Computing},
  address = {Vienna, Austria},
  year = {2012},
  note = {{ISBN} 3-900051-07-0},
  url = {http://www.R-project.org/},
}

@article{ihaka:1996,
  Author = {Ihaka, Ross and Gentleman, Robert},
	Journal = {Journal of Computational and Graphical Statistics},
	Number = 3,
	Pages = {299--314},
	Title = {R: A Language for Data Analysis and Graphics},
	Volume = 5,
	Year = 1996}

@Manual{magrittr,
    title = {magrittr: A Forward-Pipe Operator for R},
    author = {Stefan Milton Bache and Hadley Wickham},
    year = {2014},
    note = {R package version 1.5},
    url = {https://CRAN.R-project.org/package=magrittr},
  }

@article{gionis1clustering,
  title={Clustering aggregation},
  author={Gionis, A and Mannila, H and Tsaparas, P},
  journal={ACM Transactions on Knowledge Discovery from Data},
  volume={1},
  pages={1--30}
}

@Manual{cholera,
    title = {cholera: Amend, Augment and Aid Analysis of John Snow's Cholera Map},
    author = {{Peter Li}},
    year = {2019},
    note = {R package version 0.7.0},
    url = {https://CRAN.R-project.org/package=cholera},
  }

@Manual{tissue,
   title = {tissuesGeneExpression. Subset of gene expression data},
   author = {Michael Love and Rafael Irizarry},
   year = {2015},
   url = {https://github.com/genomicsclass/tissuesGeneExpression}}

@article{pedregosa2011scikit,
  title={Scikit-learn: Machine learning in Python},
  author={Pedregosa, Fabian and Varoquaux, Ga{\"e}l and Gramfort, Alexandre and Michel, Vincent and Thirion, Bertrand and Grisel, Olivier and Blondel, Mathieu and Prettenhofer, Peter and Weiss, Ron and Dubourg, Vincent and others},
  journal={Journal of Machine Learning Research},
  volume={12},
  number={Oct},
  pages={2825--2830},
  year={2011}
}

@article{zilliox2007gene,
  title={A gene expression bar code for microarray data},
  author={Zilliox, Michael J and Irizarry, Rafael A},
  journal={Nature Methods},
  volume={4},
  number={11},
  pages={911--913},
  year={2007},
  publisher={Nature Publishing Group}
}

@article{mccall2011gene,
  title={The Gene Expression Barcode: leveraging public data repositories to begin cataloging the human and murine transcriptomes},
  author={McCall, Matthew N and Uppal, Karan and Jaffee, Harris A and Zilliox, Michael J and Irizarry, Rafael A},
  journal={Nucleic Acids Research},
  volume={39},
  number={suppl\_1},
  pages={D1011--D1015},
  year={2011},
  publisher={Oxford University Press}
}

@article{mccall2014gene,
  title={The Gene Expression Barcode 3.0: improved data processing and mining tools},
  author={McCall, Matthew N and Jaffee, Harris A and Zelisko, Susan J and Sinha, Neeraj and Hooiveld, Guido and Irizarry, Rafael A and Zilliox, Michael J},
  journal={Nucleic Acids Research},
  volume={42},
  number={D1},
  pages={D938--D943},
  year={2014},
  publisher={Oxford University Press}
}
